<record><leader>00000cas a22000007a 4500</leader><controlfield tag="001">26626663</controlfield><controlfield tag="008">920918d19361942nyuwr ne      0    0eng d</controlfield><datafield ind1=" " ind2=" " tag="010"><subfield code="a">sn 92062094 </subfield></datafield><datafield ind1=" " ind2=" " tag="040"><subfield code="a">NYS</subfield><subfield code="b">eng</subfield><subfield code="c">NYS</subfield><subfield code="d">OCLCQ</subfield></datafield><datafield ind1=" " ind2=" " tag="042"><subfield code="a">msc</subfield></datafield><datafield ind1="0" ind2="4" tag="245"><subfield code="a">The Chronicle-journal and Cattaraugus star.</subfield></datafield><datafield ind1=" " ind2=" " tag="260"><subfield code="a">Franklinville, N.Y. :</subfield><subfield code="b">C.R. Stout</subfield></datafield><datafield ind1=" " ind2=" " tag="300"><subfield code="a">v.</subfield></datafield><datafield ind1=" " ind2=" " tag="310"><subfield code="a">Weekly</subfield></datafield><datafield ind1="0" ind2=" " tag="362"><subfield code="a">61st year, no. 4 (Dec. 4, 1936)-C.J. v. 67, no. 44 (Oct. 30, 1942).</subfield></datafield><datafield ind1=" " ind2=" " tag="515"><subfield code="a">Issues for &lt;Apr. 23, 1937&gt;-Oct. 30, 1942 also numbered: Star v. &lt;51, no. 17&gt;-v. 56, no. 44.</subfield></datafield><datafield ind1=" " ind2="4" tag="651"><subfield code="a">Franklinville (N.Y.)</subfield><subfield code="v">Newspapers.</subfield></datafield><datafield ind1=" " ind2="4" tag="651"><subfield code="a">Machias (N.Y.)</subfield><subfield code="v">Newspapers.</subfield></datafield><datafield ind1=" " ind2=" " tag="752"><subfield code="a">United States</subfield><subfield code="b">New York</subfield><subfield code="c">Cattaraugus</subfield><subfield code="d">Franklinville.</subfield></datafield><datafield ind1="0" ind2="4" tag="780"><subfield code="t">Chronicle-journal</subfield><subfield code="w">(DLC)sn 92062093</subfield><subfield code="w">(OCoLC)26626154</subfield></datafield><datafield ind1="0" ind2="4" tag="780"><subfield code="t">Cattaraugus star</subfield><subfield code="w">(DLC)sn 92061652</subfield></datafield><datafield ind1="0" ind2="7" tag="785"><subfield code="t">Rushford spectator (Rushford, N.Y. : 1921)</subfield><subfield code="w">(DLC)sn 84031145</subfield></datafield><datafield ind1="0" ind2="7" tag="785"><subfield code="t">Chronicle-journal, Cattaraugus star and Rushford spectator</subfield><subfield code="w">(DLC)sn 84031603</subfield><subfield code="w">(OCoLC)11191785</subfield></datafield><datafield ind1="1" ind2=" " tag="029"><subfield code="a">AU@</subfield><subfield code="b">000020725657</subfield></datafield></record>